@phdthesis{cupicm,
	author = "Marko Čupić",
	title = "Raspoređivanje nastavnih aktivnosti evolucijskim računanjem",
	year = 2011,
	school = "Fakultet elektrotehnike i računarstva"
}
@misc{hmoea,
	author = "Nina Skorin-Kapov",
	title = "Predavanja s predmeta \enquote{Heurističke metode optimizacija}",
	year = 2017
}
@book{cupicmmeta,
	author = "Marko Čupić",
	title = "Prirodom inspirirani optimizacijski algoritmi",
	year = 2013,
	publisher = "Fakultet elektrotehnike i računarstva"
}